@article{react, author={autore}, title={An Introduction to Biometric Recognition}, journal={nome_pubbl}, volume={1}, number={1}, year={1}, pages={1}, DOI={https://it.reactjs.org/}}

@INPROCEEDINGS(smart, 
 author = "Simone Faro and Thierry Lecroq and Stefano Borz\`i and Simone Di Mauro and Alessandro Maggio",
 title = "The String Matching Algorithms Research Tool",
 booktitle = "Proceedings of the Prague Stringology Conference 2016",
 address = "Czech Technical University in Prague, Czech Republic",
 editor = "Jan Holub and Jan {\v{Z}}{\v{d}}{\'{a}}rek",
 isbn = "978-80-01-05996-8",
 year = 2016,
 pages = "99--111",
)

@misc{smartHelp,
  title = {SMART. String Matching Algorithms Research Tool},
  howpublished = {\url{https://www.dmi.unict.it/faro/smart/howto.php}},
  note = {Accesso: 2022-05-02}
}

@misc{smartGithub,
  title = {GitHub Repository: smart-tool/smart},
  howpublished = {\url{https://github.com/smart-tool/smart}},
  note = {Accesso: 2022-05-02}
}

@misc{smartHomepage,
  title = {SMART | smart: GitHub Pages},
  howpublished = {\url{https://smart-tool.github.io/smart/}},
  note = {Accesso: 2022-05-02}
}

@misc{react,
  title = {React â€“ Una libreria JavaScript per creare interfacce utente},
  howpublished = {\url{https://it.reactjs.org/}},
  note = {Accesso: 2022-05-02}
}

@misc{node,
  title = {Node.js},
  howpublished = {\url{https://nodejs.org/it/}},
  note = {Accesso: 2022-05-02}
}

@misc{lwIndexGithub,
  title = {GitHub Repository - lw-index: Tool simil-SMART},
  howpublished = {\url{https://github.com/v1enna/lw-index}},
  note = {Accesso: 2022-05-02}
}

@misc{smartGUI,
  title = {GitHub Repository - smart-tool/smart-gui},
  howpublished = {\url{https://github.com/smart-tool/smart-gui}},
  note = {Accesso: 2022-05-02}
}